
% introduction to compressive sensing
@book{foucart2013invitation,
  title={An invitation to compressive sensing},
  author={Foucart, Simon and Rauhut, Holger and Foucart, Simon and Rauhut, Holger},
  year={2013},
  publisher={Springer}
}

% gpu specific
@article{blanchard2013gpu,
  title={GPU accelerated greedy algorithms for compressed sensing},
  author={Blanchard, Jeffrey D and Tanner, Jared},
  journal={Mathematical Programming Computation},
  volume={5},
  
  pages={267--304},
  year={2013},
  publisher={Springer}
}

% m lotz wrote the project
@article{amelunxen2014living,
  title={Living on the edge: Phase transitions in convex programs with random data},
  author={Amelunxen, Dennis and Lotz, Martin and McCoy, Michael B and Tropp, Joel A},
  journal={Information and Inference: A Journal of the IMA},
  volume={3},
  
  pages={224--294},
  year={2014},
  publisher={OUP}
}

% the NIHT algo
@article{blumensath2010normalized,
  title={Normalized iterative hard thresholding: Guaranteed stability and performance},
  author={Blumensath, Thomas and Davies, Mike E},
  journal={IEEE Journal of selected topics in signal processing},
  volume={4},
  
  pages={298--309},
  year={2010},
  publisher={IEEE}
}

@misc{cppreference.com,
title={std::sort, cppreference.com},
url={https://en.cppreference.com/w/cpp/algorithm/sort},
journal={cppreference.com}
} 